@STRING{lms	= "London Mathematical Society" }
%%%%%%%%%%%%%%%%%%%%%%%%%%%%%%%%%%%%%%%%%%%%%%%%%%%%%%%%%%%%%%%%%%%%%%%%%%%%%
%%
%S  Series  . . . . . . . . . . . . . . . . . . . .  abbreviations for series
%%
%%  The following  strings are  abbreviations for  series,  which are used in
%%  *books*, *inbook*, and *proceedings*.
%%
@STRING{aachenbm= "Aachener Beitr{\accent127 a}ge zur Mathematik" }
%%%%%%%%%%%%%%%%%%%%%%%%%%%%%%%%%%%%%%%%%%%%%%%%%%%%%%%%%%%%%%%%%%%%%%%%%%%%%
%%
%S  Publishers  . . . . . . . . . . . . . . . .  abbreviations for publishers
%%
%%  The following strings are abbreviations for publishers, which are used in
%%  *books*, *inbook*, and *proceedings*.
%%
@STRING{acapress= "Academic Press" }
@STRING{acm	= "ACM Press" }
@STRING{addwes	= "Addison-Wesley" }
@STRING{ams	= "American Mathematical Society" }
@STRING{birkhaeus="Birkh{\accent127 a}user, Basel" }
@STRING{biwissv	= "BI-Wis\-sen\-schafts\-ver\-lag, Mannheim" }
@STRING{camupress="Cambridge University Press" }
@STRING{clarendon="Clarendon, Oxford" }
@STRING{dover	= "Dover Publications, New York" }
%%%%%%%%%%%%%%%%%%%%%%%%%%%%%%%%%%%%%%%%%%%%%%%%%%%%%%%%%%%%%%%%%%%%%%%%%%%%%
%%
%A  manual.bib                  GAP documentation            Martin Schoenert
%%
%A  $Id: manual.bib,v 1.12 1997/04/14 11:09:37 werner Exp $
%%
%Y  Copyright 1990-1992,  Lehrstuhl D fuer Mathematik,  RWTH Aachen,  Germany
%%
%%  This file contains the source for the  bibliography  of the  GAP  manual.
%%
%H  $Log: manual.bib,v $
%H  Revision 1.12  1997/04/14 11:09:37  werner
%H  Fixed author list in EGN97.
%H
%H  Revision 1.11  1997/03/31 15:58:26  gap
%H  Fixed remaining double definitions and undefined references. Manual now
%H  LaTeX's without error
%H
%H  		Steve
%H
%H  Revision 1.10  1997/03/27 17:43:04  werner
%H  Incorporated crystgap references, moved Hah95 to the end because it is now
%H  crossreferenced.
%H
%H  Revision 1.9  1997/03/27 17:24:27  werner
%H  Added Chevie references.
%H
%H  Revision 1.8  1997/03/27 13:44:07  gap
%H  Linked in documentation for KBMAG and PCQA share packages
%H
%H  	SL
%H
%H  Revision 1.7  1997/03/27 10:51:06  gap
%H  Added documentation for Specht, autag gliss and grim. Started smoothing
%H  and integrating.
%H
%H  		SL
%H
%H  Revision 1.6  1997/01/31 12:41:17  gap
%H  vfelsch added Cannon's relations finding paper [Can73]
%H
%H  Revision 1.5  1997/01/31 11:25:02  werner
%H  Added some bibliography entries required in the manual pages for pcqa.
%H
%H  Revision 1.4  1997/01/25 19:03:43  werner
%H  Removed a superfluous brace.
%H
%H  Revision 1.2  1997/01/17 09:37:42  werner
%H  Added Eamonn's update to the bibliography.
%H
%H  Revision 3.21.1.2  1995/12/20  16:22:49  vfelsch
%H  added [But93], [HP89], [Neb95], [NP95], [Ple85], [PN95], [PP77],
%H        [PP80], [Roy87], [Sou94], [Groups93Vol1], and [Groups93Vol2]
%H  and cleaned up a bit
%H
%H  Revision 3.21.1.1  1994/08/31  12:17:15  mschoene
%H  added [Abb89], [BM83], [Bra89], [BTW93], and [MS85]
%H
%H  Revision 3.21  1994/07/07  11:07:39  mschoene
%H  added [BCFS91]
%H
%H  Revision 3.20  1994/06/30  09:44:45  fceller
%H  updated DIMACS
%H
%H  Revision 3.19  1994/05/20  10:20:11  sam
%H  added three new references (got by Frank)
%H
%H  Revision 3.18  1994/05/18  09:49:23  vfelsch
%H  added [NPW81]
%H
%H  Revision 3.17  1994/05/11  13:34:29  vfelsch
%H  two books on crystallographic groups added
%H
%H  Revision 3.16  1994/04/28  11:27:31  sam
%H  added references of [Lin93], [Rin93], [vdW76], [Ber76],
%H  changed years in [OBr93], [OBr94]
%H
%H  Revision 3.15  1993/11/09  00:10:47  martin
%H  added [Sho92]
%H
%H  Revision 3.14  1993/11/02  09:47:17  sam
%H  added reference of [Coh93]
%H
%H  Revision 3.13  1993/10/20  15:49:01  sam
%H  added [Wur93]
%H
%H  Revision 3.12  1993/07/23  08:52:54  felsch
%H  added [FJNT93]
%H
%H  Revision 3.11  1993/07/20  10:11:03  fceller
%H  corrected [Soi91]
%H
%H  Revision 3.10  93/06/24  15:57:19  fceller
%H  add [OBr92] and [OBr93]
%H
%H  Revision 3.9  1993/02/18  16:36:15  felsch
%H  two papers of Dixon and Schneider added
%H
%H  Revision 3.8  1993/01/22  19:29:57  martin
%H  added [Bur55], [HIO89], [Ker91], and [Pah93]
%H
%H  Revision 3.7  1993/01/13  12:21:55  felsch
%H  added hyphenation of "Bayreuther"
%H
%H  Revision 3.6  1993/01/08  12:04:33  fceller
%H  added subgroup presentation, Tietze, lattice
%H
%H  Revision 3.5  1993/01/04  11:02:12  fceller
%H  added references used in the ANU pq
%H
%H  Revision 3.4  1992/11/20  18:49:15  martin
%H  added 'Con90a' and renamed 'Con90' to 'Con90b'
%H
%H  Revision 3.3  1992/06/19  12:01:17  sam
%H  added [Ple90]
%H
%H  Revision 3.2  1992/04/07  22:58:36  martin
%H  added [Bau91] and [Con90]
%H
%H  Revision 3.1  1992/04/06  00:16:12  martin
%H  initial revision under RCS
%H
%%

%%%%%%%%%%%%%%%%%%%%%%%%%%%%%%%%%%%%%%%%%%%%%%%%%%%%%%%%%%%%%%%%%%%%%%%%%%%%%
%%
%S  Journals  . . . . . . . . . . . . . . . . . .  abbreviations for journals
%%
%%  The following strings are abbreviations for  journals,  which are used in
%%  *articles*.
%%
@STRING{archmath= "Arch. Math." }
@STRING{asterisque="Ast{\accent 19 e}risque" }
@STRING{bayreums= "Bay\-reu\-ther Math. Schr." }
@STRING{commalg	= "Communications in Algebra" }
@STRING{crelle	= "J. Reine Angew. Math." }
%%%%%%%%%%%%%%%%%%%%%%%%%%%%%%%%%%%%%%%%%%%%%%%%%%%%%%%%%%%%%%%%%%%%%%%%%%%%%
%%
%S  Schools, Institutions, Organizations  . . . . . abbreviations for schools
%%
%%  The following strings are abbreviations for  schools,  institutions,  and
%%  organizations, which are used in *masterthesis* (schools),  *techreports*
%%  (institutions), and *manuals* (organizations).
%%
@STRING{dublinias="Dublin Inst. Adv. Studies" }
@STRING{glasgowmj="Glasgow Math. J." }
@STRING{gmathwiss="Grundlehren Math. Wiss." }
@STRING{gruyter	= "Walter de Gruyter, Berlin, New York" }
@STRING{hdeutsch= "Verlag Harri Deutsch, Frankfurt/Main" }
@STRING{inventm	= "Invent. Math." }
@STRING{jalg	= "J. Algebra" }
@STRING{jnt	= "J. Number Theory" }
@STRING{jsc	= "J. Symbolic Computation" }
@STRING{lmslec	= "London Math. Soc. Lecture Note Series" }
@STRING{lmsmns	= lms # " Monographs New Series" }
@STRING{lmsmon	= "London Math. Soc. Monographs" }
@STRING{lnm	= "Lecture Notes in Math." }
@STRING{macmillan="The Macmillan Company, New York" }
@STRING{mathann	= "Math. Ann." }
@STRING{mathcomp= "Math. Comput." }
@STRING{mathz	= "Math. Z." }
@STRING{mcgillu	= "McGill University" }
@STRING{mcgillu-a="Montreal, Canada" }
@STRING{nummath	= "Num. Math." }
@STRING{oxfordmm= "Oxford Math. Monographs" }
@STRING{oxunpress="Oxford University Press" }
@STRING{pergamon= "Pergamon Press, Oxford" }
@STRING{procedin= "Proc. Edinburgh Math. Soc. (2)" }
@STRING{reidel	= "Reidel, Dordrecht, Boston" }
@STRING{rwth	= "Rheinisch Westf{\accent127 a}lische Technische
		  Hoch\-schule" }
@STRING{rwth-a	= "Aachen, Germany" }
@STRING{rwthldfm= "Lehrstuhl D f{\accent127 u}r Mathematik, Rheinisch
		  Westf{\accent127 a}lische Technische Hoch\-schule" }
@STRING{semifor	= "Semigroup Forum" }
@STRING{springerb="Springer, Berlin" }
@STRING{springerbh="Springer, Berlin and Heidelberg" }
@STRING{springerbn="Spinger, Berlin and New York" }
@STRING{ubath	= "University of Bath" }
@STRING{ubath-a	= "Bath, United Kindom" }
@STRING{ubathsms= "School of Mathematical Sciences, University of Bath" }
@STRING{ubayreu	= "Universit{\accent127 a}t Bayreuth" }
@STRING{ubayreu-a="Bayreuth, Germany" }
@STRING{ubonn	= "Rheinische Friedrich Wilhelm Universit{\accent127 a}t
		  Bonn" }
@STRING{ubonn-a	= "Bonn, Germany" }
@STRING{uessen	= "Universit{\accent127 a}t Essen" }
@STRING{uessen-a= "Essen, Germany" }
@STRING{uheidel	= "Universit{\"a}t Heidelberg" }
@STRING{ukiel	= "Universit{\accent127 a}t Kiel" }
@STRING{ukiel-a	= "Kiel, Germany" }
@STRING{usydbdcs= "Basser Department of Computer Science, University of
		  Sydney" }
@STRING{usyddpm	= "Department of Pure Mathematics, University of Sydney" }
@STRING{usydney	= "University of Sydney" }
@STRING{usydney-a="Sydney, Australia" }
@STRING{wiley	= "John Wiley, New York" }

%%%%%%%%%%%%%%%%%%%%%%%%%%%%%%%%%%%%%%%%%%%%%%%%%%%%%%%%%%%%%%%%%%%%%%%%%%%%%
%%
%R  References  . . . . . . . . . . . . . . . . . . . . . . . . .  references
%%
%%  The following are the references.  They are  ordered with respect to  the
%%  last name of the first author.
%%
@PhDThesis{	  abb89,
  author	= "J.~A.~Abbott",
  title		= "On the Factorization of Polynomials over Algebraic Fields",
  school	= ubathsms,
  month		= "September",
  year		= "1989"
}

@Article{	  al82,
  author	= "D. Alvis and G. Lusztig",
  title		= "The representations and generic degrees of the {Hecke}
		  algebra of type {$H_4$}",
  journal	= "J. reine angew. Math.",
  year		= 1982,
  volume	= 336,
  pages		= "201--212",
  note		= "Correction\:\ ibid. {\bf 449}, 217--218 (1994)"
}

@Article{	  alv87,
  author	= "Alvis, D.",
  title		= "The left cells of the {Coxeter} group of type {$H_4$}",
  journal	= jalg,
  year		= 1987,
  volume	= 107,
  pages		= "160--168"
}

@InProceedings{	  amw82,
  author	= "D[avid] G. Arrell and S[anjiv] Manrai and M[ichael] F.
		  Worboys",
  title		= "A procedure for obtaining simplified defining relations
		  for a subgroup",
  crossref	= "GrpsStAndrews81",
  pages		= "155--159",
  keywords	= "finitely presented groups; subgroup presentation,
		  simplification; modified Todd Coxeter (mtc), tree decoding;
		  algorithm description",
  reviews	= "MR 84a:20041 (from the introduction), Zbl 488.20003 (J.
		  Neub{\accent127 u}ser)"
}

@InProceedings{	  ar84,
  author	= "D[avid] G. Arrell and E[dmund] F. Robertson",
  title		= "A modified {T}odd-{C}oxeter algorithm",
  crossref	= "Durham82",
  pages		= "27--32",
  keywords	= "finitely presented groups; subgroup presentation,
		  simplification; modified Todd Coxeter (mtc), tree decoding;
		  algorithm description",
  reviews	= "MR 86g:20042 (J.~D. Macdonald), Zbl 556.20001 (J.
		  Neub{\accent127 u}ser)"
}

@Book{		  art68,
  author	= "E[mil] Artin",
  title		= "Galoissche Theorie",
  year		= "1968",
  publisher	= hdeutsch
}

@Article{	  b01,
  author	= "D. Bessis",
  title		= "Zariski theorems and diagrams for braid groups",
  journal	= inventm,
  year		= "2001",
  volume	= "145",
  pages		= "487--507"
}

@PhDThesis{	  bau91,
  author	= "Ulrich Baum",
  title		= "Existenz und effiziente {K}onstruktion schneller
		  {F}ouriertransformationen {\accent127 u}beraufl{\accent127
		  o}sbarer {G}ruppen",
  type		= "Dissertation",
  year		= "1991",
  school	= ubonn,
  address	= ubonn-a
}

@Book{		  bbnwz78,
  author	= "Harold Brown and Rolf B{\accent127 u}low and Joachim
		  Neub{\accent127 u}ser and Hans Wondratschek and Hans
		  Zassenhaus",
  title		= "Crystallographic Groups of Four-Dimensional Space",
  year		= "1978",
  publisher	= wiley
}

@Article{	  bc72,
  author	= "C. T. Benson and C. W. Curtis",
  title		= "On the degrees and rationality of certain characters of
		  finite {Chevalley} groups",
  journal	= "Trans.\ Amer.\ Math.\ Soc.",
  year		= 1972,
  volume	= 165,
  pages		= "251--273"
}

@Article{	  bc76,
  author	= "M[ichael] J. Beetham and C[olin] M. Campbell",
  title		= "A note on the {T}odd-{C}oxeter coset enumeration
		  algorithm",
  journal	= procedin,
  volume	= "20",
  pages		= "73--79",
  year		= "1976",
  keywords	= "finitely presented groups; subgroup presentation; modified
		  Todd Coxeter (mtc); algorithm description",
  reviews	= "MR 53 # 3116 (D.~L. Johnson), Zbl 328.20032 (Summary)"
}

@Article{	  bc89,
  author	= "Richard P. Brent and Graeme L. Cohen",
  title		= "A New Lower Bound for Odd Perfect Numbers",
  journal	= mathcomp,
  volume	= "53",
  pages		= "431--437",
  year		= "1989"
}

@TechReport{	  bc92,
  author	= "Wieb Bosma and John [J.] Cannon",
  title		= "Handbook of {Cayley} Functions",
  year		= "1992",
  institution	= usyddpm,
  address	= usydney-a,
  keywords	= "system design; Cayley;; manual",
  notes		= "PAGES: 282"
}

@InProceedings{	  bcfs91,
  author	= "L[azlo] Babai and G[ene] Cooperman and L[arry] Finkelstein
		  and \'A[kos] Seress",
  title		= "Nearly Linear Time Algorithms for Permutation Groups with
		  a Small Base",
  pages		= "200--209",
  crossref	= "ISSAC91"
}

@Article{	  bcma,
  author	= "G. Baumslag and F.B. Cannonito and C.F. {Miller III}",
  title		= "Some Recognizable Properties of Solvable Groups",
  journal	= "Math. Z.",
  year		= {1981},
  volume	= {178},
  pages		= {289--295}
}

@Article{	  bcmb,
  author	= "G. Baumslag and F.B. Cannonito and C.F. {Miller III}",
  title		= "Computable Algebra and Group Embeddings",
  journal	= "J. Algebra",
  year		= {1981},
  volume	= {69},
  pages		= {186--212}
}

@Book{		  bcn89,
  author	= "A.E. Brouwer and A.M. Cohen and A. Neumaier",
  title		= "Distance-Regular Graphs",
  year		= "1989",
  publisher	= springerbn
}

@Article{	  bdm01,
  author	= "D. Bessis and F. Digne and J. Michel",
  title		= "{S}pringer theory in braid groups and the
		  {B}irman-{K}o-{L}ee monoid",
  journal	= "Pacific J. Math.",
  year		= 2002,
  volume	= "205",
  pages		= "287--309"
}

@Article{	  ben76,
  author	= "M. Benard",
  title		= "{S}chur indices and splitting fields of the unitary
		  reflection groups",
  journal	= jalg,
  year		= 1976,
  volume	= 38,
  pages		= "318--342"
}

@Article{	  ber76,
  author	= "T. R. Berger",
  title		= "Characters and Derived Length in Groups of Odd Order",
  journal	= jalg,
  volume	= "39",
  pages		= "199--207",
  year		= "1976"
}

@Article{	  bh05,
  author	= "C. Bonnaf{\accent19 e} and C. Hohlweg",
  title		= "Generalized descent algebra and construction of
		  irreducible characters of hyperoctahedral groups",
  journal	= "Ann. Inst. Four.",
  year		= 2005,
  volume	= "33",
  pages		= "2315 - 2337"
}

@MastersThesis{	  bis89,
  author	= "Thomas Bischops",
  title		= "Collectoren im {P}rogrammsystem {GAP}",
  type		= "Diplomarbeit",
  year		= "1989",
  school	= rwthldfm,
  address	= rwth-a
}

@Article{	  bm03,
  author	= {David Bessis and Jean Michel},
  title		= {Explicit presentations for exceptional braid groups},
  journal	= "Experimental mathematics",
  volume	= {13},
  year		= {2004},
  pages		= {257--266}
}

@Article{	  bm83,
  author	= "Gregory Butler and John McKay",
  title		= "The transitive groups of degree up to 11",
  journal	= commalg,
  volume	= "11",
  year		= "1983",
  pages		= "863--911"
}

@Article{	  bm93,
  author	= "M. Brou{\accent19 e} and G. Malle",
  title		= "Zyklotomische {H}eckealgebren",
  journal	= asterisque,
  volume	= 212,
  year		= 1993,
  pages		= "119--189"
}

@Article{	  bmm14,
  author	= "M. Brou{\accent19 e} and G. Malle and J. Michel",
  title		= "Split Spetses for primitive reflection groups",
  journal	= "Ast{\accent19 e}risque",
  year		= "2014",
  volume	= "359",
  pages		= "1--146"
}

@Article{	  bmm93,
  author	= "M. Brou{\accent19 e} and G. Malle and J. Michel",
  title		= "Generic blocks of finite reductive groups",
  journal	= asterisque,
  volume	= 212,
  year		= 1993,
  pages		= "7--92"
}

@Article{	  bmm99,
  author	= "M. Brou{\accent19 e} and G. Malle and J. Michel",
  title		= "Towards Spetses I",
  journal	= "Transformation Groups",
  year		= "1999",
  volume	= "4",
  pages		= "157--218"
}

@Article{	  bmr98,
  author	= "M. Brou{\accent19 e} and G. Malle and R. Rouquier",
  title		= "Complex reflection groups, braid groups, Hecke algebras",
  journal	= crelle,
  year		= 1998,
  volume	= 500,
  pages		= "127--190"
}

@Article{	  bon05,
  author	= "C. Bonnaf{\accent19 e}",
  title		= "Quasi-Isolated Elements in Reductive Groups 1",
  journal	= "Communications in Algebra",
  year		= 2005,
  volume	= "33",
  pages		= "2315 - 2337"
}

@Book{		  bou68,
  author	= "Bourbaki, N.",
  title		= "Groupes et alg{\accent18 e}bres de {L}ie, {C}h.~4--6",
  publisher	= "Hermann, Paris",
  year		= 1968,
  note		= "Masson, Paris\:\ 1981"
}

@PhDThesis{	  bra89,
  author	= "R. J. Bradford",
  title		= "On the computation of integral bases and defects of
		  integrity",
  school	= ubathsms,
  year		= "1989"
}

@Article{	  bri71,
  author	= "Brieskorn, E.",
  title		= "Die {Fundamentalgruppe} des {Raumes} der regul{\accent 127
		  a}ren {Orbits} einer endlichen komplexen
		  {Spiegelungsgruppe}",
  journal	= inventm,
  year		= 1971,
  volume	= 12,
  pages		= "57--61"
}

@Article{	  bs72,
  author	= "E. Brieskorn and K. Saito",
  title		= "{A}rtin-{G}ruppen und {C}oxeter-{G}ruppen",
  journal	= inventm,
  year		= 1972,
  volume	= 17,
  pages		= "245--271"
}

@Article{	  btw93,
  author	= "Bernhard Beauzamy and Vilmar Trevisan and Paul~S.~Wang",
  title		= "Polynomial Factorization: Sharp Bounds, {E}fficient
		  Algorithms",
  journal	= jsc,
  volume	= "15",
  year		= "1993",
  pages		= "393--413"
}

@Book{		  bur55,
  author	= "W[illiam~S.] Burnside",
  title		= "Theory of Groups of Finite Order",
  note		= "Unabridged republication of the second edition, published
		  in 1911",
  year		= "1955",
  publisher	= dover,
  notes		= "PAGES: xxiv + 512"
}

@Article{	  but82,
  author	= "Gregory Butler",
  title		= "Computing in Permutation and Matrix Groups {II}: Backtrack
		  Algorithm",
  journal	= mathcomp,
  volume	= "39",
  pages		= "671--680",
  year		= "1982",
  keywords	= "permutation groups, matrix groups;; backtrack through
		  stabilizer chain",
  reviews	= "MR 83k:20004b (J.~D. Dixon), Zbl 552.20003 (see Zbl
		  552.20004 for a review of this article)"
}

@Article{	  but85a,
  author	= "Gregory Butler",
  title		= "Effective Computation with Group Homomorphisms",
  journal	= jsc,
  volume	= "1",
  pages		= "143--157",
  year		= "1985",
  keywords	= "permutation groups; homomorphisms",
  reviews	= "MR 87b:68057 (Summary), Zbl 572.20001 (J. Neub{\accent127
		  u}ser)",
  notes		= "TR 184 BDCS (1982), 41 pages"
}

@Article{	  but93,
  author	= "Gregory Butler",
  title		= "The transitive groups of degree fourteen and fifteen",
  journal	= jsc,
  volumn	= "16",
  year		= "1993",
  pages		= "413--422"
}

@Article{	  c73,
  author	= "D. Cheniot",
  title		= "Une d\accent 19 emonstration du th\accent 19 eor\accent 18
		  eme de {Z}ariski sur les sections hyperplanes d\'une
		  hypersurface projective et du th\accent 19 eor\accent 18
		  eme de {V}an {K}ampen sur le groupe fondamental du
		  compl\accent 19 ementaire d'une courbe projective plane",
  journal	= "Compositio Math.",
  year		= "1973",
  volume	= "27",
  pages		= "141--158"
}

@MastersThesis{	  cam71,
  author	= "Harvey A. Campbell",
  title		= "An extension of coset enumeration",
  type		= "M. {S}c. thesis",
  year		= "1971",
  school	= mcgillu,
  address	= mcgillu-a,
  keywords	= "finitely presented groups; subgroup presentation; modified
		  Todd Coxeter (mtc); program description"
}

@Article{	  can73,
  author	= "John J. Cannon",
  title		= "Construction of defining relators for finite groups",
  journal	= "Discrete Math.",
  volumn	= "5",
  year		= "1973",
  pages		= "105--129"
}

@Article{	  car72,
  author	= "R. W. Carter",
  title		= "Conjugacy classes in the {W}eyl group",
  journal	= "Compositio Math.",
  year		= 1972,
  volume	= 25,
  pages		= "1--59"
}

@Book{		  car72b,
  author	= "R. W. Carter",
  title		= "Simple groups of {Lie} type",
  publisher	= "Wiley, New York",
  year		= 1972
}

@Book{		  car85,
  author	= "R. W. Carter",
  title		= "Finite groups of {Lie} type: {Conjugacy} classes and
		  complex characters",
  publisher	= "Wiley, New York",
  year		= 1985
}

@Article{	  car86,
  author	= "R. W. Carter",
  title		= "Representation Theory of the 0--{H}ecke Algebra",
  journal	= jalg,
  year		= 1986,
  volume	= 104,
  pages		= "89--103"
}

@Book{		  cb93,
  author	= {Clausen, M. and Baum, U.},
  title		= {Fast Fourier Transforms},
  publisher	= biwissv,
  year		= 1993
}

@Book{		  ccn85,
  author	= "J[ohn] H. Conway and R[obert] T. Curtis and S[imon] P.
		  Norton and R[ichard] A. Parker and R[obert] A. Wilson",
  title		= "Atlas of finite groups",
  year		= "1985",
  publisher	= oxunpress
}

@MastersThesis{	  cel92,
  author	= "Frank Celler",
  title		= "Kohomologie und {N}ormalisatoren in {GAP}",
  type		= "Diplomarbeit",
  year		= "1992",
  school	= rwthldfm,
  address	= rwth-a
}

@Article{	  cha92,
  author	= "Charney, R.",
  title		= "Artin groups of finite type are bi-automatic",
  journal	= mathann,
  year		= 1992,
  volume	= 292,
  pages		= "671--683"
}

@Article{	  chv96,
  author	= "M. Geck and G. Hiss and F. L{\accent127 u}beck and G.
		  Malle and G. Pfeiffer",
  title		= "{\CHEVIE-A} system for computing and processing generic
		  character tables for finite groups of Lie type",
  journal	= "AAECC",
  year		= 1996,
  volume	= 7,
  pages		= "175--210"
}

@Article{	  cnw90,
  author	= "Frank Celler and Joachim Neub{\accent127 u}ser and
		  Charles~R.~B. Wright",
  title		= "Some remarks on the computation of complements and
		  normalizers in soluble groups",
  journal	= "Acta Applicandae Mathematicae",
  volume	= "21",
  pages		= "57--76",
  year		= "1990"
}

@Book{		  coh93,
  author	= "Henri Cohen",
  title		= "A Course in Computational Algebraic Number Theory",
  series	= "Graduate Texts in Mathematics",
  volume	= "138",
  year		= "1993",
  publisher	= springerbn
}

@Article{	  con90a,
  author	= "S[am] B. Conlon",
  title		= "Calculating Characters of $p$-groups",
  journal	= jsc,
  volume	= "9",
  number	= "5 \& 6",
  pages		= "535--550",
  year		= "1990"
}

@Article{	  con90b,
  author	= "S[am] B. Conlon",
  title		= "Computing Modular and Projective Character Degrees of
		  Soluble Groups",
  journal	= jsc,
  volume	= "9",
  number	= "5 \& 6",
  pages		= "551--570",
  year		= "1990"
}

@Book{		  cr87,
  author	= "C. W. Curtis and I. Reiner",
  title		= "Methods of representation theory, vol. {I}, {II}",
  publisher	= wiley,
  year		= "1981/1987"
}

@Article{	  ct65,
  author	= {Cooley, James W. and Tukey, John W.},
  title		= {An Algorithm for the Machine Computation of Complex
		  Fourier Series},
  journal	= {Mathematics of Computation},
  volume	= 19,
  year		= 1965,
  pages		= {297--301},
  comment	= { Der Klassiker zur Cooley-Tukey-FFT }
}

@Article{	  del72,
  author	= "Deligne, P.",
  title		= "Les immeubles des groupes de tresses g{\accent19
		  e}n{\accent19 e}ralis{\accent19 e}s",
  journal	= inventm,
  year		= 1972,
  volume	= 17,
  pages		= "273--302"
}

@Article{	  deo89,
  author	= "Deodhar, V.V.",
  title		= "A note on subgroups generated by reflections in {C}oxeter
		  groups",
  journal	= archmath,
  year		= 1989,
  volume	= 53,
  pages		= "543--546"
}

@Article{	  depa99,
  author	= "P. Dehornoy and L. Paris",
  title		= " Gaussian groups and Garside groups, two generalizations
		  of Artin groups",
  journal	= "Proc. LMS",
  year		= 1999,
  volume	= 79,
  pages		= "569--604"
}

@Article{	  dg99,
  author	= "P. Diaconis and R. Graham",
  title         =  "The graph of generating sets of an abelian group",
  journal       =  "Colloq. Math.",
  volume        =  80,
  year          = 1999,
  pages         = "31--38"
}

@Article{	  ss,
  author	= "F. Digne and J. Michel",
  journal	= "Proc. LMS",
  title		= "{Q}uasi-semisimple elements",
  volume        = 116,
  year		= 2018,
  pages		= "1301--1328"
}

@Article{	  dix67,
  author	= "J[ohn] D. Dixon",
  title		= "High Speed Computations of Group Characters",
  journal	= nummath,
  volume	= "10",
  pages		= "446--450",
  year		= "1967"
}

@Article{	  dre69,
  author	= "Andreas [W.~M.] Dress",
  title		= "A Characterization of Solvable Groups",
  journal	= mathz,
  volume	= "110",
  pages		= "213--217",
  year		= "1969"
}

@Manual{	  duc91,
  title		= "Coxeter Version 1.0",
  author	= "DuCloux, F.",
  organization	= "Universit{\accent19 e} de Lyon",
  address	= "France",
  year		= 1991
}

@Proceedings{	  durham82,
  title		= "Computational Group Theory, Proceedings LMS Symposium on
		  Computational Group Theory, Durham 1982",
  booktitle	= "Computational Group Theory, Proceedings LMS Symposium on
		  Computational Group Theory, Durham 1982",
  editor	= "Michael D. Atkinson",
  year		= "1984",
  publisher	= acapress
}

@Article{	  dye90,
  author	= "Dyer, M.",
  title		= "Reflection subgroups of {C}oxeter systems",
  journal	= jalg,
  year		= "1990",
  volume	= 135,
  pages		= "57--73"
}

@Book{		  echlpt92,
  author	= "D.B.A.~Epstein and J.W.~Cannon and D.F.~Holt and S.~Levy
		  and M.S.~Paterson and W.P.~Thurston",
  title		= "Word Processing and Group Theory",
  publisher	= "Jones and Bartlett",
  year		= 1992
}

@PhDThesis{	  egn97,
  author	= {Egner, S.},
  title		= {{Zur Algorithmischen Zerlegungstheorie linearer
		  Transformationen mit Symmetrie}},
  year		= 1997,
  school	= {Universit{\accent127 a}t Karlsruhe}
}

@Article{	  egn97b,
  author	= "Bettina Eick and Franz G{\"a}hler and Werner Nickel",
  title		= "{C}omputing {M}aximal {S}ubgroups and {W}yckoff
		  {P}ositions of {S}pace {G}roups",
  journal	= "Acta Cryst A",
  year		= 1997
}

@Article{	  ehr91,
  author	= "D.F.~Holt and D.B.A.~Epstein and S.~Rees",
  title		= "The use of Knuth-Bendix methods to solve the word problem
		  in automatic groups",
  journal	= jsc,
  year		= 1991,
  volume	= 12,
  pages		= "397--414"
}

@Book{		  er82,
  author	= { Elliott, Douglas F. and Rao, K. Ramamohan },
  title		= {Fast Transforms --- Algorithms, Analyses, Applications},
  publisher	= acapress,
  year		= 1982
}

@InProceedings{	  fjnt95,
  author	= "V[olkmar] Felsch and D[avid] L. Johnson and J[oachim]
		  Neub{\accent127 u}ser and S[ergey] V. Tsaranov",
  title		= "The Structure of Certain {C}oxeter Groups",
  crossref	= "Groups93Vol1",
  pages		= "177--190"
}

@Article{	  fra82,
  author	= "J[ames] S. Frame",
  title		= "Recursive computation of tensor power components",
  journal	= bayreums,
  volume	= "10",
  pages		= "153--159",
  year		= "1982",
  publisher	= ubayreu,
  address	= ubayreu-a
}

@Article{	  fragon03,
  author	= "Franco, N. and Gonzalez-Meneses, J.",
  title		= "Conjugacy problem for braid groups and Garside groups",
  journal	= jalg,
  volume	= 266,
  year		= 2003,
  pages		= "112--132"
}

@InProceedings{	  fs84,
  author	= "Volkmar Felsch and G{\accent127 u}nter Sandl{\accent127
		  o}bes",
  title		= "An Interactive Program for Computing Subgroups",
  crossref	= "Durham82",
  pages		= "137--143",
  keywords	= "groups; subgroup lattice, table of marks; cyclic
		  extensions; program description",
  reviews	= "MR 85k:20003 (from the introduction), Zbl 547.20016 (E.
		  Kommissartschik)"
}

@Article{	  gar69,
  author	= "Garside, F. A.",
  title		= "The braid groups and other groups",
  journal	= "Quart. J. Math. Oxford, 2$^{nd}$ Ser",
  year		= 1969,
  volume	= 20,
  pages		= "235--254"
}

@Article{	  gebgon10,
  author	= "Gebhardt, V. and Gonzalez-Meneses, J.",
  title		= "Solving the conjugacy problem in {G}arside groups by
		  cyclic sliding",
  journal	= jsc,
  volume	= 45,
  year		= 2010,
  pages		= "629--656"
}

@Article{	  gec94,
  author	= "Geck, M.",
  title		= "On the character values of {I}wahori-{H}ecke algebras of
		  exceptional type",
  journal	= "Proc.\ London Math. Soc.",
  year		= 1994,
  volume	= 68,
  pages		= "51--76"
}

@Book{		  gec95,
  author	= "M. Geck",
  title		= "Beitr{\accent127 a}ge zur {D}arstellungstheorie von
		  {I}wahori--{H}ecke {A}lgebren",
  publisher	= "Verlag der Augustinus Buchhandlung, Aachen",
  year		= 1995,
  volume	= 11,
  series	= "Aachener {B}eitr{\accent127 a}ge zur Mathematik"
}

@Article{	  gh14,
  author	= "M. Geck and A. Halls",
  title		= "Kazhdan-{L}usztig cells in type {$E_8$}",
  journal	= "Arxiv",
  year		= 2014,
  note		= "to appear"
}

@Unpublished{	  gk96,
  author	= "M. Geck and S. Kim",
  title		= "Bases for the {B}ruhat--{C}hevalley order on all finite
		  {C}oxeter groups",
  note		= "Preprint",
  year		= 1996
}

@Book{		  gkp90,
  author	= "Ronald~L. Graham and Donald~E. Knuth and Oren Patashnik",
  title		= "Concrete Mathematics",
  year		= "1990",
  publisher	= addwes
}

@PhDThesis{	  gla87,
  author	= "S[tephan]~P. Glasby",
  title		= "Computational Approaches to the Theory of Finite Soluble
		  Groups",
  type		= "Phd thesis",
  year		= "1987",
  school	= usyddpm,
  address	= usydney-a
}

@Article{	  gm97,
  author	= "M. Geck and J. Michel",
  title		= "On ``good'' elements in the conjugacy classes of finite
		  {C}oxeter groups and their eigenvalues on the irreducible
		  representations of {I}wahori-{H}ecke algebras",
  journal	= "Proc.\ London Math.\ Soc.",
  year		= 1997,
  volume	= 74,
  pages		= "275--305"
}

@Article{	  gp93,
  author	= "M. Geck and G. Pfeiffer",
  title		= "On the irreducible characters of {H}ecke algebras",
  journal	= "Advances in Math.",
  year		= 1993,
  volume	= 102,
  pages		= "79--94"
}

@Proceedings{	  groups93vol1,
  title		= "Groups '93 Galway / St.\,Andrews, Galway 1993, Volume 1",
  booktitle	= "Groups '93 Galway / St.\,Andrews, Galway 1993, Volume 1",
  series	= lmslec,
  volume	= "211",
  editor	= "C[olin] M. Campbell and T[haddeus] C. Hurley and E[dmund]
		  F. Robertson and S[ean] J. Tobin and J[ames] J. Ward",
  year		= "1995",
  publisher	= camupress,
  notes		= "PAGES: xii + 304"
}

@Proceedings{	  groups93vol2,
  title		= "Groups '93 Galway / St.\,Andrews, Galway 1993, Volume 2",
  booktitle	= "Groups '93 Galway / St.\,Andrews, Galway 1993, Volume 2",
  series	= lmslec,
  volume	= "212",
  editor	= "C[olin] M. Campbell and T[haddeus] C. Hurley and E[dmund]
		  F. Robertson and S[ean] J. Tobin and J[ames] J. Ward",
  year		= "1995",
  publisher	= camupress,
  notes		= "PAGES: xii + 305"
}

@Proceedings{	  grpsstandrews81,
  title		= "Groups-St.\,Andrews 1981, Proceedings of a conference,
		  St.\,Andrews 1981",
  booktitle	= "Groups-St.\,Andrews 1981, Proceedings of a conference,
		  St.\,Andrews 1981",
  series	= lmslec,
  volume	= "71",
  editor	= "Colin M. Campbell and Edmund F. Robertson",
  year		= "1982",
  publisher	= camupress
}

@Article{	  gs90,
  author	= "S[tephan]~P. Glasby and M[ichael]~C. Slattery",
  title		= "Computing Intersections and Normalizers in Soluble Groups",
  journal	= jsc,
  volume	= "9",
  pages		= "637--651",
  year		= "1990"
}

@Article{	  gg12,
  author	= "I[ain]~G. Gordon and S[tephen] Griffeth",
  title		= "Catalan Numbers for complex reflection groups",
  journal	= "American Journal of Mathematics",
  volume	= "134",
  pages		= "1491--1502",
  year		= "2012"
}

@Book{		  hah83,
  editor	= "Theo Hahn",
  title		= "International Tables for Crystallography, Volume A,
		  Space-group Symmetry",
  year		= "1983",
  publisher	= reidel
}

@Book{		  hah95,
  author	= "Theo Hahn, editor",
  title		= "International Tables for Crystallography, Volume A,
		  Space-group Symmetry",
  publisher	= "Kluwer, Dordrecht",
  year		= 1995,
  edition	= "4th"
}

@Unpublished{	  halvram94,
  author	= "T. Halverson and A. Ram",
  title		= "{M}urnaghan-{N}akayama rules for characters of
		  {I}wahori-{H}ecke algebras of classical type",
  note		= "Preprint",
  year		= 1994
}

@TechReport{	  hav69,
  author	= "George Havas",
  title		= "Symbolic and Algebraic Calculation",
  type		= "Basser Computing Dept., Technical Report",
  number	= "89",
  year		= "1969",
  institution	= usydbdcs,
  address	= usydney-a,
  keywords	= "finitely presented groups; simplification; Tietze
		  transformations"
}

@InProceedings{	  Hav74b,
  author	= "George Havas",
  title		= "A {R}eidemeister-{S}chreier Program",
  crossref	= "Canberra73",
  pages		= "347--356",
  keywords	= "finitely presented groups; subgroup presentation;
		  Reidemeister Schreier (rs); program description",
  reviews	= "MR 51 # 13002 (F. Levin), Zbl 288.20047 (Summary)"
}

@Article{	  hio89,
  author	= "Trevor [O.] Hawkes and I. M[artin] Isaacs and M.
		  {\accent127 O}zaydin",
  title		= "On the {M\accent127 o}bius Function of a Finite Group",
  journal	= "Rocky Mountain J. Math.",
  volume	= "19",
  pages		= "1003--1034",
  year		= "1989"
}

@InProceedings{	  hkrr84,
  author	= "George Havas and P[eter]~E. Kenne and J[ames]~S.
		  Richardson and E[dmund]~F. Robertson",
  title		= "A {T}ietze Transformation Program",
  crossref	= "Durham82",
  pages		= "67--71",
  keywords	= "finitely presented groups; simplification; Tietze
		  transformations",
  reviews	= "MR 86b:20039 (introduction), Zbl 569.20002 (G. Butler)"
}

@Article{	  hlor96a,
  author	= "Derek [F.] Holt and Charles [R.] Leedham-Green and
		  E[amonn]~A. O{\accent19{}B}rien and Sarah Rees",
  title		= "Computing Matrix Group Decompositions with respect to a
		  Normal Subgroup",
  journal	= jalg,
  volume	= 184,
  year		= "1996",
  pages		= "818--838"
}

@Article{	  hlor96b,
  author	= "Derek [F.] Holt and Charles [R.] Leedham-Green and
		  E[amonn]~A. O{\accent19{}B}rien and Sarah Rees",
  title		= "Testing Matrix Groups for Primitivity",
  journal	= jalg,
  volume	= 184,
  year		= "1996",
  pages		= "795--817"
}

@InProceedings{	  hn80,
  author	= "George Havas and M[ichael]~F. Newman",
  title		= "Application of Computers to Questions like those of
		  {Burnside}",
  crossref	= "Bielefeld77",
  pages		= "211--230",
  keywords	= "finitely presentend groups; Burnside groups; nilpotent
		  quotient",
  reviews	= "MR 82d:20002 (Colin M. Campbell), Zbl 432.20033 (J.
		  Neub{\accent127 u}ser)"
}

@InProceedings{	  holt94,
  author	= "Derek~F.~Holt",
  title		= "The Warwick Automatic Groups Software",
  booktitle	= "Proceedings of DIMACS Conference on Computational Group
		  Theory, Rutgers, March 1994.",
  year		= "To appear"
}

@Book{		  howie95,
  author	= "John M. Howie",
  title		= "Fundamentals of Semigroup Theory",
  publisher	= oxunpress,
  year		= 1995,
  volume	= 12,
  series	= lmsmns
}

@Book{		  hp89,
  author	= "Derek F. Holt and W[ilhelm] Plesken",
  title		= "Perfect Groups",
  series	= oxfordmm,
  year		= "1989",
  publisher	= clarendon
}

@Article{	  hr94,
  author	= "Derek [F.] Holt and Sarah Rees",
  title		= "Testing modules for irreducibility",
  journal	= "J. Austral. Math. Soc. Ser. A",
  volume	= "57",
  pages		= "1--16",
  year		= "1994"
}

@Unpublished{	  hr94b,
  author	= "T. Halverson and A. Ram",
  title		= "{M}urnaghan-{N}akayama rules for characters of
		  {I}wahori-{H}ecke algebras of classical type",
  note		= "Preprint",
  year		= 1994
}

@Book{		  hs64,
  author	= "Hall, Jr., Marshall and James~K. Senior",
  title		= "The Groups of Order $2^n$ ($n \le 6$)",
  year		= "1964",
  publisher	= macmillan
}

@Article{	  hss01,
  author	= "J. Hubbard and D. Schleicher and S. Sutherland",
  title		= "How to find all roots of complex polynomials by {N}ewton's
		  method",
  journal	= inventm,
  year		= "2001",
  volume	= "146",
  pages		= "1--33"
}

@Article{	  hu85,
  author	= "Hugues",
  title		= "On decompositions in complex imprimitive reflection
		  groups",
  journal	= "Indagationes",
  volume	= "88",
  pages		= "207--219",
  year		= "1985"
}

@Book{		  hum90,
  author	= "J. E. Humphreys",
  title		= "Reflections groups and {C}oxeter groups",
  publisher	= camupress,
  year		= 1990,
  volume	= 29,
  series	= "Cambridge studies in advanced Math"
}

@Book{		  hup67,
  author	= "B[ertram] Huppert",
  title		= "Endliche {Gruppen} {I}",
  series	= gmathwiss,
  volume	= "134",
  year		= "1967",
  publisher	= springerb
}

@Proceedings{	  issac91,
  title		= "Proceedings of the 1991 International Symposium on
		  Symbolic and Algebraic Computation (ISSAC'91), Bonn 1991",
  booktitle	= "Proceedings of the International Symposium on Symbolic and
		  Algebraic Computation (ISSAC'91), Bonn 1991",
  year		= "1991",
  publisher	= acm
}

@Book{		  jlpw95,
  author	= "Christoph Jansen and Klaus Lux and Richard [A.] Parker and
		  Robert [A.] Wilson",
  title		= "An Atlas of {Brauer} Characters",
  series	= lmsmon,
  volume	= "11",
  year		= "1995",
  publisher	= clarendon,
  notes		= "PAGES: xvii + 327"
}

@Book{		  kac,
  author	= "V. Kac",
  title		= "Infinite dimensional Lie algebras",
  publisher	= camupress,
  year		= 1982
}

@Book{		  ker91,
  author	= "Adalbert Kerber",
  title		= "Algebraic Combinatorics Via Finite Group Actions",
  year		= "1991",
  publisher	= biwissv,
  notes		= "PAGES: 436"
}

@Article{	  kl79,
  author	= "D. A. Kazhdan and G. Lusztig",
  title		= "Representations of {C}oxeter groups and {H}ecke algebras",
  journal	= inventm,
  volume	= 53,
  year		= 1979,
  pages		= "165--184"
}

@Book{		  lallement79,
  author	= "G{\accent19 e}rard Lallement",
  title		= "Semigroups and Combinatorial Applications",
  publisher	= wiley,
  year		= 1979
}

@Article{	  lamc90,
  author	= "G{\accent19 e}rard Lallement and Robert McFadden",
  title		= "On the Determination of {Green}'s Relations in Finite
		  Transformation Semigroups",
  journal	= jsc,
  year		= 1990,
  volume	= 10,
  pages		= "481--489"
}

@Book{		  lau82,
  author	= "Reinhard Laue",
  title		= "Zur {Konstruktion} und {Klassifikation} endlicher
		  aufl{\accent127 o}sbarer {Gruppen}",
  series	= bayreums,
  volume	= "9",
  year		= "1982",
  publisher	= ubayreu,
  address	= ubayreu-a,
  keywords	= "polycyclic groups;;; classification",
  reviews	= "MR 84e:20018 (T.~O. Hawkes), Zbl 479.20010 (H. Heineken)",
  notes		= "PAGES: ii + 304, 1 correction sheet, Earlier version:
		  Habilitationsschrift, RWTH Aachen, 1980"
}

@Book{		  lec86,
  author	= "P.~LeChenadec",
  title		= "Canonical Forms in Finitely Presented Algebras",
  publisher	= "London Pitman and New York, Wiley",
  year		= 1986
}

@Article{	  leo80,
  author	= "Jeffrey S. Leon",
  title		= "On an algorithm for finding a base and a strong generating
		  set for a group given by generating permutations",
  journal	= mathcomp,
  volume	= "35",
  pages		= "941--974",
  year		= "1980",
  keywords	= "permutation groups; stabilizer chain, base and strong
		  generating set of; Schreier Sims, Todd Coxeter (tc)",
  reviews	= "MR 82i:20004 (Colin M. Campbell), Zbl 444.20001 (J.
		  Neub{\accent127 u}ser)"
}

@Article{	  leo91,
  author	= {Leon, S. Jeffrey},
  title		= {{Permutation Group Algorithms Based on Partitions, I:
		  Theory and Algorithms}},
  journal	= {Journal of Symbolic Computation},
  year		= 1991,
  volume	= 12,
  pages		= {533--583}
}

@Manual{	  lin93,
  author	= "Steve Linton",
  title		= "Vector Enumeration Programs, version 3",
  year		= "1993"
}

@Article{	  lll82,
  author	= "A.~K.~Lenstra and H.~W.~Lenstra and L.~Lov{\accent19 a}sz",
  title		= "Factoring Polynomials with rational coefficients",
  journal	= mathann,
  volume	= "261",
  pages		= "513--534",
  year		= "1982"
}

@InProceedings{	  lns84,
  author	= "R[einhard] Laue and J[oachim] Neub{\accent127 u}ser and
		  U[lrich] Schoenwaelder",
  title		= "Algorithms for finite soluble groups and the {SOGOS}
		  system",
  crossref	= "Durham82",
  pages		= "105--135",
  keywords	= "polycyclic groups;;; algorithm description",
  reviews	= "MR 86h:20023 (Gerhard Pazderski), Zbl 547:20012 (E.
		  Kommissartschik)"
}

@PhDThesis{	  lo,
  author	= "E. Lo",
  title		= "A Polycyclic Quotient Algorithm",
  school	= "Rutgers University",
  year		= {1996}
}

@InProceedings{	  lp91,
  author	= "Klaus Lux and Herbert Pahlings",
  title		= "Computational aspects of representation theory of finite
		  groups",
  crossref	= "MR91",
  pages		= "37--64"
}

@Article{	  lprr1,
  author	= "Linton, S. A. and Pfeiffer, G. and Robertson, E. F. and
		  Ru{\v s}kuc, N.",
  title		= "Groups and actions in transformation semigroups",
  year		= 1997,
  journal	= mathz,
  note		= "to appear"
}

@Unpublished{	  lprr2,
  author	= "Linton, S. A. and Pfeiffer, G. and Robertson, E. F. and
		  Ru{\v s}kuc, N.",
  title		= "Computing transformation semigroups",
  note		= "in preparation"
}

@Article{	  ls90,
  author	= "C[harles] R. Leedham-Green and L[eonard] H. Soicher",
  title		= "Collection from the left and other strategies",
  journal	= jsc,
  volume	= "9",
  number	= "5 \& 6",
  pages		= "665--675",
  year		= "1990"
}

%% crossref     = "Sydney 98",
@InProceedings{	  ls99,
  author	= "G.~I.~Lehrer and T.~Springer",
  title		= "Reflection multiplicities and reflection subquotients of
		  unitary reflection groups, I",
  booktitle	= "geometric group theory down under",
  pages		= "181--193",
  year		= "1999"
}

@Article{	  lus76,
  author	= "G. Lusztig",
  title		= "Coxeter orbits and eigenspaces of {F}robenius",
  journal	= inventm,
  year		= 1976,
  volume	= 34,
  pages		= "101--159"
}

@Article{	  lus81,
  author	= "G. Lusztig",
  title		= "On a Theorem of {B}enson and {C}urtis",
  journal	= jalg,
  year		= 1981,
  volume	= 71,
  pages		= "490--498"
}

@InProceedings{	  lus83,
  author	= "G. Lusztig",
  title		= "Left cells in {W}eyl groups",
  publisher	= "Springer",
  year		= 1983,
  journal	= lnm,
  volume	= 1024,
  booktitle	= "Lie groups representations",
  pages		= "99--111"
}

@Book{		  lus85,
  author	= "G. Lusztig",
  title		= "Characters of reductive groups over a finite field",
  publisher	= "Princeton {U}niversity {P}ress",
  year		= 1985,
  volume	= 107,
  series	= "Annals of Math.\ Studies"
}

@Article{	  mal00,
  author	= {Malle, Gunter},
  title		= {On the generic degrees of cyclotomic algebras},
  journal	= {Representation theory},
  volume	= {4},
  year		= {2000},
  pages		= {342--369}
}

@Book{		  mal92,
  author	= {Malvar, Henrique S.},
  title		= {Signal Processing with Lapped Transforms},
  publisher	= {Artech House},
  year		= 1992
}

@InProceedings{	  mal96,
  author	= "Malle, Gunter",
  title		= "{D}egr{\accent19 e}s relatifs des alg{\accent18 e}bres
		  cyclotomiques associ{\accent19 e}es aux groupes de
		  r{\accent19 e}flexions complexes de dimension deux",
  crossref	= "Luminy94"
}

@Article{	  marinmichel10,
  author	= {Ivan Marin and Jean Michel},
  title		= {Automorphisms of complex reflection groups},
  journal	= {Representation theory},
  volume	= {14},
  year		= {2010},
  pages		= {747--788}
}

@Article{	  mcl77,
  author	= "D.~H.~McLain",
  title		= "An algorithm for determining defining relations of a
		  subgroup",
  journal	= glasgowmj,
  volume	= "18",
  pages		= "51--56",
  year		= "1977",
  keywords	= "finitely presented groups; subgroup presentation; modified
		  Todd Coxeter (mtc); algorithm description",
  reviews	= "MR 54 # 12908 (N.~S. Mendelsohn), Zbl 348.20029 (Summary)"
}

@Book{		  mer96,
  author	= {Mertins, A.},
  title		= {Signaltheorie},
  publisher	= {Teubner Verlag},
  year		= 1996
}

@PhDThesis{	  min93,
  author	= {Minkwitz, T.},
  title		= {{Algorithmensynthese f{\accent127 u}r lineare Systeme mit
		  Symmetrie}},
  school	= {Universit{\accent127 a}t Karlsruhe},
  year		= 1993
}

@Article{	  min95,
  author	= {Minkwitz, T.},
  title		= {{Algorithms Explained by Symmetry}},
  journal	= {Lecture Notes on Computer Science},
  volume	= 900,
  year		= {1995},
  pages		= {157--167}
}

@Article{	  min96,
  author	= {Minkwitz, T.},
  title		= {{Extension of Irreducible Representations}},
  journal	= {Applicable Algebra in Engineering, Communication and
		  Computing},
  year		= {1996},
  volume	= {7},
  pages		= {391--399}
}

@Article{	  mm10,
  author	= {Malle, Gunter and Michel, Jean},
  title		= {Constructing representations of Hecke algebras for complex
		  reflection groups},
  journal	= {LMS J. Comput. Math.},
  volume	= {13},
  year		= {2010},
  pages		= {426--450}
}

@Article{	  mm98,
  author	= {Malle, Gunter and Mathas, Andrew},
  title		= {Symmetric cyclotomic {H}ecke algebras},
  journal	= {J. Algebra},
  volume	= {205},
  year		= {1998},
  number	= {1},
  pages		= {275--293}
}

@MastersThesis{	  mni92,
  author	= "J{\accent127 u}rgen Mnich",
  title		= "Untergruppenverb{\accent127 a}nde und aufl{\accent127
		  o}sbare {G}ruppen in {GAP}",
  type		= "Diplom\-ar\-beit",
  year		= "1992",
  school	= rwthldfm,
  address	= rwth-a,
  keywords	= "groups; subgroup lattice, table of marks; cyclic
		  extensions; algorithm description"
}

@Article{	  mon85,
  author	= "Peter L. Montgomery",
  title		= "Modular Multiplication Without Trial Division",
  journal	= mathcomp,
  volume	= "44",
  pages		= "519--521",
  year		= "1985"
}

@Article{	  mr03,
  author	= {Malle, Gunter and Rouquier, Rapha{\accent127 e}l},
  title		= {Familles de caract{\accent 18 e}res de groupes de
		  r{\accent19 e}flexions complexes},
  journal	= {Representation theory},
  volume	= {7},
  year		= {2003},
  pages		= {610--640}
}

@Proceedings{	  mr91,
  title		= "Representation theory of finite groups and
		  finite--dimensional algebras",
  booktitle	= "Representation theory of finite groups and
		  finite--dimensional algebras",
  editor	= "G.~O. Michler and C.~R. Ringel",
  series	= "Progress in Mathematics",
  volume	= "95",
  year		= "1991",
  publisher	= birkhaeus
}

@Article{	  ms85,
  author	= "John McKay and Leonard~H. Soicher",
  title		= "Computing {G}alois groups over the Rationals",
  journal	= jnt,
  volume	= "20",
  year		= "1985",
  pages		= "273--281"
}

@TechReport{	  mur58,
  author	= "F[rancis] D. Murnaghan",
  title		= "The Orthogonal and Symplectic Groups",
  type		= "Communications Series A",
  number	= "13",
  year		= "1958",
  institution	= dublinias
}

@Manual{	  nau90,
  author	= "B.D. McKay",
  title		= "{nauty} user's guide (version 1.5), Technical report
		  TR-CS-90-02",
  year		= "1990",
  organization	= "Australian National University",
  address	= "Computer Science Department, ANU"
}

@Book{		  neb95,
  author	= "Gabriele Nebe",
  title		= "Endliche rationale {M}atrixgruppen vom {G}rad 24",
  series	= aachenbm,
  volume	= "12",
  year		= "1995",
  publisher	= rwthldfm,
  note		= "Dissertation, Lehrstuhl B f{\accent127 u}r Mathematik,
		  Rheinisch Westf{\accent127 a}lische Technische
		  Hoch\-schule, Aachen, Germany, 1995"
}

@PhDThesis{	  neu67,
  author	= "Joachim Neub{\accent127 u}ser",
  title		= "Die {U}ntergruppenverb{\accent127 a}nde der {Gruppen} der
		  {Ordnungen} $\leq 100$ mit {Ausnahme} der {Ordnungen} 64
		  und 96",
  type		= "Habilitationsschrift",
  year		= "1967",
  school	= ukiel,
  address	= ukiel-a,
  notes		= "PAGES: 370"
}

@InProceedings{	  neu82,
  author	= "Joachim Neub{\accent127 u}ser",
  title		= "An elementary introduction to coset table methods in
		  computational group theory",
  crossref	= "GrpsStAndrews81",
  pages		= "1--45",
  keywords	= "finitely presented groups; subgroup presentation,
		  permutation representation, low index subgroups; Todd
		  Coxeter (tc), modified Todd Coxeter (mtc); algorithm
		  description, survey",
  reviews	= "MR 84f:20004 (George Havas), Zbl 489.20003 (G. Butler)"
}

@InProceedings{	  new77,
  author	= "M[ichael]~F. Newman",
  title		= "Determination of groups of prime-power order",
  crossref	= "Canberra75",
  pages		= "73--84",
  keywords	= "finitely presented groups, p-groups;; nilpotent quotient;
		  application",
  reviews	= "MR 56 # 12115 (Bruce W. King), Zbl no ref"
}

@InProceedings{	  no89,
  author	= "M[ichael]~F. Newman and E[amonn]~A. O{\accent19{}B}rien",
  title		= "A {CAYLEY} library for the groups of order dividing 128",
  crossref	= "Singapore87",
  pages		= "437--442"
}

@Article{	  no96,
  author	= "M[ichael] F. Newman and E[amonn]~A. O{\accent19{}B}rien",
  title		= "Application of computers to questions like those of
		  {B}urnside, {II}",
  journal	= {Internat.\ J.\ Algebra Comput.},
  volume	= "6",
  pages		= "593--605",
  year		= "1996"
}

@InBook{	  np95,
  author	= "G[abriele] Nebe and W[ilhelm] Plesken",
  title		= "Finite rational matrix groups of degree 16",
  crossref	= "NPbook95",
  pages		= "74--144"
}

@Book{		  npbook95,
  author	= "G[abriele] Nebe and W[ilhelm] Plesken",
  title		= "Finite rational matrix groups",
  series	= "AMS Memoirs",
  volume	= "556",
  year		= "1995",
  publisher	= ams,
  notes		= "PAGES: 144"
}

@InProceedings{	  npp84,
  author	= "J[oachim] Neub{\accent127 u}ser and H[erbert] Pahlings and
		  W[ilhelm] Plesken",
  title		= "{CAS}; Design and use of a system for the handling of
		  characters of finite groups",
  crossref	= "Durham82",
  pages		= "195--247",
  keywords	= "ordinary representations; characters",
  reviews	= "MR 86i:20004 (D. Hales), Zbl 546.20001 (G. Butler)"
}

@Article{	  npw81,
  author	= "J[oachim] Neub{\accent127 u}ser and W[ilhelm] Plesken and
		  H[ans] Wondratschek",
  title		= "An emendatory discursion on defining crystal systems",
  journal	= "Match",
  volume	= "10",
  pages		= "77--96",
  year		= "1981",
  reviews	= "Zbl 551.20033 (Author)"
}

@Article{	  obr90,
  author	= "E[amonn]~A. O{\accent19{}B}rien",
  title		= "The $p$-group generation algorithm",
  journal	= jsc,
  volume	= "9",
  pages		= "677--698",
  year		= "1990"
}

@Article{	  obr91,
  author	= "E[amonn]~A. O{\accent19{}B}rien",
  title		= "The groups of order $256$",
  journal	= jalg,
  volume	= "142",
  year		= "1991"
}

@Article{	  obr94,
  author	= "E[amonn]~A. O{\accent19{}B}rien",
  title		= "Isomorphism testing for $p$-groups",
  journal	= jsc,
  volume	= "17 (1)",
  year		= "1994",
  pages		= "133--147"
}

@InProceedings{	  obr95,
  author	= "E[amonn]~A. O{\accent19{}B}rien",
  title		= {Computing automorphism groups of $p$-groups},
  booktitle	= {Computational Algebra Number and Number Theory},
  organization	= {(Sydney, 1992)},
  year		= 1995,
  pages		= {83--90},
  editor	= {Wieb Bosma and Alf van der Poorten},
  publisher	= {Kluwer Academic Publishers, Dordrecht}
}

@TechReport{	  ost86,
  author	= "Th[omas] Ostermann",
  title		= "{C}haraktertafeln von {S}ylownormalisatoren sporadischer
		  einfacher {G}ruppen",
  type		= "Vorlesungen aus dem Fachbereich Mathematik",
  number	= "14",
  year		= "1986",
  institution	= uessen,
  address	= uessen-a
}

@InProceedings{	  Sim70,
  author	= "Charles C. Sims",
  title		= "Computational methods in the study of permutation groups",
  crossref	= "Oxford67",
  pages		= "169--183",
  keywords	= "permutation groups; primitive groups, classification of,
		  stabilizer chain; Schreier Sims",
  reviews	= "MR 41 # 1856 (H. Kimura), Zbl 215, 100 (J. McKay), CR 11 #
		  19,829 (G.~N. Raney)",
  notes		= "RUSSIAN translation in: Computations in algebra and number
		  theory (Russian), edited by B.~B. Venkov and D.~K. Faddeev,
		  pp. 129--147, Matematika, Novoie v Zarubeznoi Naukie, vol.
		  2, Izdat. MIR, Moscow, 1976"
}

@Article{	  pah93,
  author	= "Herbert Pahlings",
  title		= "On the {M\accent127 o}bius Function of a Finite Group",
  journal	= archmath,
  volume	= "60",
  pages		= "7--14",
  year		= "1993"
}

@Article{	  paris01,
  author	= "L. Paris",
  title		= "Artin monoids inject in their groups",
  journal	= "Comment. Math. Helv.",
  volume	= "77",
  pages		= "609--637",
  year		= 2002
}

@Article{	  pfe94a,
  author	= "G. Pfeiffer",
  title		= "Character tables of {W}eyl groups in {\sf GAP}",
  journal	= "Bayreuther Math. Schr.",
  year		= 1994,
  volume	= 47,
  pages		= "165--222"
}

@Article{	  pfe94b,
  author	= "G. Pfeiffer",
  title		= "Young characters on {Coxeter} basis elements of
		  {Iwahori}-{Hecke} algebras and a {Murnaghan}-{Nakayama}
		  formula",
  journal	= jalg,
  year		= 1994,
  pages		= "525--535",
  volume	= 168
}

@InProceedings{	  pfe96,
  author	= "G. Pfeiffer",
  title		= "Character values of {I}wahori-{H}ecke algebras of type
		  {B}",
  crossref	= "Luminy94"
}

@Book{		  pil83,
  author	= "G{\accent127u}nter Pilz",
  title		= "Near-Rings",
  series	= "North-Holland Mathematics Studies",
  volume	= "23",
  year		= "1983",
  publisher	= "North-Holland Publishing Company"
}

@Article{	  ple85,
  author	= "W[ilhelm] Plesken",
  title		= "Finite Unimodular Groups of Prime Degree and Circulants",
  journal	= jalg,
  volume	= "97",
  pages		= "286--312",
  year		= "1985"
}

@Unpublished{	  ple90,
  author	= "W[ilhelm] Plesken",
  title		= "Additive Decompositions of Positive Integral Quadratic
		  Forms",
  note		= "The paper is available at Lehrstuhl B f{\accent127 u}r
		  Mathematik, Rheinisch Westf{\accent127 a}lische Technische
		  Hoch\-schule Aachen, may be it will be published in the
		  near future",
  year		= "1990"
}

@InBook{	  pn95,
  author	= "W[ilhelm] Plesken and G[abriele] Nebe",
  title		= "Finite rational matrix groups",
  crossref	= "NPbook95",
  pages		= "1--73"
}

@Article{	  poh87,
  author	= "M[ichael] Pohst",
  title		= "A modification of the LLL reduction algorithm",
  journal	= jsc,
  volume	= "4",
  pages		= "123--127",
  year		= "1987"
}

@Article{	  pp77,
  author	= "Wilhelm Plesken and Michael Pohst",
  title		= "On maximal finite irreducible Subgroups of GL(n,Z). {I}.
		  The five and seven dimensional cases, {II}. The six
		  dimensional case",
  journal	= mathcomp,
  volume	= "31",
  pages		= "536--576",
  year		= "1977",
  reviews	= "MR 56 # 3137a, 3137b (Wolfgang Knapp), Zbl 359.20006,
		  359.20007 (authors)"
}

@Article{	  pp80,
  author	= "Wilhelm Plesken and Michael Pohst",
  title		= "On maximal finite irreducible Subgroups of GL(n,Z). {III}.
		  The nine dimensional case, {IV}. Remarks on even dimensions
		  with application to n = 8, {V}. The eight dimensional case
		  and a complete description of dimensions less than ten",
  journal	= mathcomp,
  volume	= "34",
  pages		= "245--301",
  year		= "1980",
  reviews	= "MR 81b:20012a, 81b:20012b, 81b:20012c (Wolfgang Knapp),
		  Zbl 431.20039, 431.20040, 431.20041 (authors)"
}

@PhDThesis{	  pue98,
  author	= {P{\accent127 u}schel, M.},
  title		= {Konstruktive Darstellungstheorie und
		  Algorithmengenerierung},
  year		= {1998},
  school	= {Universit{\accent127 a}t Karlsruhe}
}

@Article{	  rad68,
  author	= {Rader, Charles M.},
  title		= {Discrete Fourier Transforms When the Number of Data
		  Samples is Prime},
  journal	= {Proceedings of the IEEE},
  volume	= 56,
  year		= 1968,
  pages		= {1107--1108},
  comment	= {Die Rader FFT auf Primzahll{\"a}nge. Kurz und knackig.}
}

@Article{	  ram91,
  author	= "A. Ram",
  title		= "A {F}robenius formula for the characters of the {H}ecke
		  algebras",
  journal	= inventm,
  year		= 1991,
  volume	= 106,
  pages		= "461--488"
}

@Article{	  rich82,
  author	= "R. W. Richardson",
  title		= "Conjugacy classes of involutions in {C}oxeter groups",
  journal	= "Bull. Aust. Math. Soc.",
  year		= 1982,
  volume	= 26,
  pages		= "1--15"
}

@Manual{	  rin93,
  author	= "Michael Ringe",
  title		= "The {C} {M}eat{A}xe, Release 1.5",
  year		= "1993",
  organization	= rwthldfm,
  address	= rwth-a
}

@Article{	  rob88,
  author	= "E[dmund]~F. Robertson",
  title		= "{T}ietze transformations with weighted substring search",
  journal	= jsc,
  volume	= "6",
  pages		= "59--64",
  year		= "1988",
  keywords	= "finitely presented groups; simplification; Tietze
		  transformations"
}

@Article{	  roy87,
  author	= "Gordon F. Royle",
  title		= "The transitive groups of degree twelve",
  journal	= jsc,
  volumn	= "4",
  year		= "1987",
  pages		= "255--268"
}

@Article{	  sch90,
  author	= "Gerhard J.~A.~Schneider",
  title		= "{D}ixon's Character Table Algorithm Revisited",
  journal	= jsc,
  volume	= "9",
  pages		= "601--606",
  year		= "1990"
}

@Book{		  sho92,
  author	= "Mark W. Short",
  title		= "The Primitive Soluble Permutation Groups of Degree less
		  than 256",
  series	= lnm,
  volume	= "1519",
  year		= "1992",
  publisher	= springerbh
}

@Book{		  sims94,
  author	= "C.C. Sims",
  title		= "Computation with Finitely Presented Groups",
  publisher	= {Cambridge University Press},
  year		= {1994}
}

@Proceedings{	  singapore87,
  title		= "Group Theory, Proceedings of the 1987 Singapore
		  Conference, Singapore 1987",
  booktitle	= "Group Theory, Proceedings of the 1987 Singapore
		  Conference, Singapore 1987",
  year		= "1989",
  publisher	= gruyter
}

@Manual{	  sog89,
  title		= "{SOGOS} - A Program System for Handling Subgroups of
		  Finite Soluble Groups, version 5.0, User's reference
		  manual",
  year		= "1989",
  organization	= rwthldfm,
  address	= rwth-a,
  keywords	= "groups, finitely presented groups, polycyclic groups,
		  nilpotent groups, p-groups; SOGOS, pc-presentation,
		  ag-presentation, collection, elements, classes of conjugate
		  elements, centralizer, normalizer, normal closure,
		  intersection, sylow subgroups, derived subgroup, series,
		  central series, p-central series, subgroup lattice, table
		  of marks, complements, factor groups; nilpotent quotient
		  (nq); manual"
}

@InProceedings{	  soi91,
  author	= "L[eonard] H. Soicher",
  title		= "{GRAPE}: a system for computing with graphs and groups",
  crossref	= "DIMACS",
  pages		= "287-291"
}

@Article{	  sou94,
  author	= "Bernd Souvignier",
  title		= "Irreducible finite integral matrix groups of degree 8 and
		  10",
  journal	= mathcomp,
  volume	= "63",
  pages		= "335--350",
  year		= "1994"
}

@Book{		  spalt82,
  author	= "Spaltenstein, N.",
  title		= "Classes unipotentes et sous-groupes de Borel",
  series	= "Lecture notes in Mathematics",
  volume	= "946",
  publisher	= springerbh,
  year		= 1982
}

@Manual{	  spa89,
  title		= "{SPAS} - {S}ubgroup {P}resentation {A}lgorithms {S}ystem,
		  version 2.5, User's reference manual",
  year		= "1989",
  organization	= rwthldfm,
  address	= rwth-a,
  keywords	= "finitely presented groups; SPAS, subgroup presentation,
		  simplification, low index subgroups; Todd Coxeter (tc),
		  modified Todd Coxeter (mtc), Reidemeister Schreier (rs),
		  reduced Reidemeister Schreier (rrs), Tietze
		  transformations, tree decoding; manual"
}

@Book{		  spr81,
  author	= "Springer, T. A.",
  title		= "Linear algebraic groups",
  publisher	= birkhaeus,
  year		= 1981
}

@Article{	  st54,
  author	= "G. C. Shephard and J. A. Todd",
  title		= "Finite unitary reflection groups",
  journal	= "Canad. J. Math.",
  year		= 1954,
  volume	= 6,
  pages		= "274--304"
}

@Article{	  ste89,
  author	= "Stembridge, J. R.",
  title		= "On the eigenvalues of representations of reflection groups
		  and wreath products",
  journal	= "Pacific J. Math.",
  year		= 1989,
  volume	= 140,
  pages		= "353--396"
}

@Article{	  syt94,
  author	= "S. Satoh and K. Yama and M. Tokizawa",
  title		= "Semigroups of Order 8",
  journal	= semifor,
  year		= 1994,
  volume	= 49,
  pages		= "7-29"
}

@MastersThesis{	  thi87,
  author	= "Peter Thiemann",
  title		= "{SOGOS} {III} - {C}haraktere und {E}ffizienzuntersuchung",
  type		= "Diplom\-arbeit",
  year		= "1987",
  school	= rwthldfm,
  address	= rwth-a
}

@InProceedings{	  vau84,
  author	= "M[ichael] R. Vaughan-Lee",
  title		= "An Aspect of the Nilpotent Quotient Algorithm",
  crossref	= "Durham82",
  pages		= "75--84"
}

@Book{		  vau90a,
  author	= "M[ichael] R. Vaughan-Lee",
  title		= "The restricted {Burnside} problem",
  series	= lmsmon,
  volume	= "5",
  year		= "1990",
  publisher	= clarendon
}

@Article{	  vau90b,
  author	= "M[ichael] R. Vaughan-Lee",
  title		= "Collection from the Left",
  journal	= jsc,
  volume	= "9",
  pages		= "725--733",
  year		= "1990",
  publisher	= acapress
}

@Article{	  vdw76,
  author	= "Robert W. van der Waall",
  title		= "On symplectic primitive modules and monomial groups",
  journal	= "Indagationes Math.",
  volume	= "38",
  pages		= "362--375",
  year		= "1976"
}

@InCollection{	  won95,
  author	= "Hans Wondratschek",
  title		= "Introduction to space-group symmetry",
  editor	= "Theo Hahn",
  crossref	= "Hah95",
  pages		= "711--735"
}

@Manual{	  wur93,
  author	= "Martin Wursthorn",
  title		= "{\sc SISYPHOS} Computing in modular group algebras,
		  Version 0.5",
  year		= "1993",
  organization	= "Math. Inst. B, 3. Lehrstuhl",
  address	= "Universit{\accent127 a}t Stuttgart"
}

@Article{	  xmodaw1,
  author	= "M. Alp and C.~D. Wensley",
  title		= "Enumeration of cat1-groups of low order",
  journal	= "U.W.Bangor Preprint",
  volume	= "96.05",
  pages		= "1--17",
  year		= "1997"
}

@Article{	  xmodbh1,
  author	= "R. Brown and P.~J. Higgins",
  title		= "On the connection between the second relative homotopy
		  group and some related spaces",
  journal	= "Proc. London Math. Soc.",
  volume	= "36",
  pages		= "193--212",
  year		= "1978"
}

@Article{	  xmodbw1,
  author	= "R. Brown and C.~D. Wensley",
  title		= "On finite induced crossed modules, and the homotopy
		  $2$-type of mapping cones",
  journal	= "Theory and Applications of Categories",
  volume	= "1",
  pages		= "54--71",
  year		= "1995"
}

@Article{	  xmodbw2,
  author	= "R. Brown and C.~D. Wensley",
  title		= "On the computation of induced crossed modules",
  journal	= "Theory and Applications of Categories",
  volume	= "2",
  pages		= "3--16",
  year		= "1996"
}

@PhDThesis{	  xmode1,
  author	= "G. Ellis",
  title		= "Crossed modules and their higher dimensional analogues",
  school	= "University of Wales, Bangor",
  year		= "1984"
}

@Article{	  xmodg1,
  author	= "N.~D. Gilbert",
  title		= "Derivations, automorphisms and crossed modules",
  journal	= "Comm. in Algebra",
  volume	= "18",
  pages		= "2703--2734",
  year		= "1990"
}

@Article{	  xmodl1,
  author	= "J.~L. Loday",
  title		= "Spaces with finitely many non-trivial homotopy groups",
  journal	= "J. App. Algebra",
  volume	= "24",
  pages		= "179--202",
  year		= "1982"
}

@Article{	  xmodn1,
  author	= "K.~J. Norrie",
  title		= "Actions and automorphisms of crossed modules",
  journal	= "Bull. Soc. Math. France",
  volume	= "118",
  pages		= "129-146",
  year		= "1990"
}

@PhDThesis{	  xmodn2,
  author	= "K.~J. Norrie",
  title		= "Crossed modules and analogues of group theorems",
  school	= "King's College, University of London",
  year		= "1987"
}

@Article{	  xmodw1,
  author	= "J.~H.~C. Whitehead",
  title		= "Combinatorial Homotopy II",
  journal	= "Bull. Amer. Math. Soc.",
  volume	= "55",
  pages		= "453--496",
  year		= "1949"
}

@Article{	  xmodw2,
  author	= "J.~H.~C. Whitehead",
  title		= "On operators in relative homotopy groups",
  journal	= "Ann. of Math.",
  volume	= "49",
  pages		= "610--640",
  year		= "1948"
}

@Article{	  zheng06,
  author	= "Hao Zheng",
  title		= "A new approach to extracting roots in {G}arside groups",
  journal	= commalg,
  year		= 2006,
  volume	= 34,
  pages		= "1793--1802"
}

@MastersThesis{	  zum89,
  author	= "Matthias Zumbroich",
  title		= "{Grundlagen} einer {Arithmetik} in
		  {Kreisteilungsk{\accent127 o}rpern} und ihre
		  {Implementation} in {CAS}",
  type		= "Dimplomarbeit",
  year		= "1989",
  school	= rwthldfm,
  address	= rwth-a
}
%%%%%%%%%%%%%%%%%%%%%%%%%%%%%%%%%%%%%%%%%%%%%%%%%%%%%%%%%%%%%%%%%%%%%%%%%%%%%
%%
%P  Proceedings . . . . . . . . . . . . . . . . .  references for proceedings
%%
%%  The following references are proceedings that are *crossreferenced*  from
%%  the references above.  They *must* come at the end  of  this  file.  They
%%  are ordered with respect to the year of their publication.
%%
@Proceedings{	  Bielefeld77,
  title		= "Burnside groups, Bielefeld, 1977",
  booktitle	= "Burnside groups, Proceedings of a workshop, Bielefeld,
		  Germany, 1977",
  series	= lnm,
  volume	= "806",
  editor	= "J[ens] L. Mennicke",
  year		= "1980",
  publisher	= springerb,
  reviews	= "MR 81j:20002, Zbl 424.00008"
}

@Proceedings{	  Canberra73,
  title		= "Second International Conference on the Theory of Groups,
		  Canberra, 1973",
  booktitle	= "Proceedings of the Second International Conference on the
		  Theory of Groups, Canberra, 1973",
  series	= lnm,
  volume	= "372",
  editor	= "M[ichael]~F. Newman",
  year		= "1974",
  publisher	= springerb,
  reviews	= "MR 49#9054, Zbl 282.00012"
}

@Proceedings{	  canberra75,
  title		= "Group theory, Canberra, 1975",
  booktitle	= "Group theory, Proc. Miniconf., Austral. Nat. Univ.,
		  Canberra, 1975",
  series	= lnm,
  volume	= "573",
  editor	= "R.~A. Bryce and J. Cossey and M[ichael]~F. Newman",
  year		= "1977",
  publisher	= springerb,
  reviews	= "MR 55#3040, Zbl 342.00008"
}

@Proceedings{	  DIMACS,
  booktitle	= "Proceedings of the 1991 DIMACS Workshop on Groups and
		  Computation",
  editor	= "L. Finkelstein and B. Kantor",
  series	= "DIMACS Series in Discrete Mathematics and Theoretical
		  Computer Science",
  volume	= "11",
  year		= "1993",
  publisher	= ams
}

@Proceedings{	  Luminy94,
  title		= "Finite Reductive Groups, Related Structures and
		  Representations",
  booktitle	= "Finite Reductive Groups, Related Structures and
		  Representations",
  year		= 1996,
  editor	= "Marc Cabanes",
  volume	= 141,
  series	= "Progress in Mathematics",
  publisher	= birkhaeus
}

@Proceedings{	  Oxford67,
  title		= "Computational Problems in Abstract Algebra, Oxford, 1967",
  booktitle	= "Computational Problems in Abstract Algebra, Proc. Conf.
		  Oxford, 1967",
  editor	= "John Leech",
  year		= "1970",
  publisher	= pergamon,
  reviews	= "MR 40#5374, Zbl 186.299"
}
